<record><leader>00000cas a22000007a 4500</leader><controlfield tag="001">47044136</controlfield><controlfield tag="008">010531d19871992sduwr ne      0    0eng d</controlfield><datafield ind1=" " ind2=" " tag="010"><subfield code="a">sn2001063152</subfield></datafield><datafield ind1=" " ind2=" " tag="040"><subfield code="a">SXN</subfield><subfield code="b">eng</subfield><subfield code="c">SXN</subfield><subfield code="d">OCLCF</subfield><subfield code="d">OCLCO</subfield></datafield><datafield ind1="1" ind2=" " tag="029"><subfield code="a">AU@</subfield><subfield code="b">000022746313</subfield></datafield><datafield ind1=" " ind2=" " tag="042"><subfield code="a">msc</subfield></datafield><datafield ind1=" " ind2=" " tag="043"><subfield code="a">n-us-sd</subfield></datafield><datafield ind1="0" ind2="4" tag="245"><subfield code="a">The Doland times-record.</subfield></datafield><datafield ind1=" " ind2=" " tag="260"><subfield code="a">Doland, Spink County, S.D. :</subfield><subfield code="b">Norbert J. Miles,</subfield></datafield><datafield ind1=" " ind2=" " tag="300"><subfield code="a">v.</subfield></datafield><datafield ind1=" " ind2=" " tag="310"><subfield code="a">Weekly</subfield></datafield><datafield ind1="0" ind2=" " tag="362"><subfield code="a">Vol. 105, no. 17(Aug. 6, 1987)-v. 110, no. 18(Aug. 6, 1992).</subfield></datafield><datafield ind1=" " ind2=" " tag="530"><subfield code="a">Available on microfilm from: State Archives, South Dakota State Historical Society.</subfield></datafield><datafield ind1=" " ind2="0" tag="651"><subfield code="a">Doland (S.D.)</subfield><subfield code="v">Newspapers.</subfield></datafield><datafield ind1=" " ind2="0" tag="651"><subfield code="a">Spink County (S.D.)</subfield><subfield code="v">Newspapers.</subfield></datafield><datafield ind1=" " ind2="7" tag="655"><subfield code="a">Newspapers.</subfield><subfield code="2">fast</subfield><subfield code="0">(OCoLC)fst01423814</subfield></datafield><datafield ind1=" " ind2="7" tag="651"><subfield code="a">South Dakota</subfield><subfield code="z">Doland.</subfield><subfield code="2">fast</subfield><subfield code="0">(OCoLC)fst01887156</subfield></datafield><datafield ind1=" " ind2="7" tag="651"><subfield code="a">South Dakota</subfield><subfield code="z">Spink County.</subfield><subfield code="2">fast</subfield><subfield code="0">(OCoLC)fst01215590</subfield></datafield><datafield ind1=" " ind2=" " tag="752"><subfield code="a">United States</subfield><subfield code="b">South Dakota</subfield><subfield code="c">Spink</subfield><subfield code="d">Doland.</subfield></datafield><datafield ind1="0" ind2="0" tag="780"><subfield code="t">The times-record (Doland, S.D. : 1887)</subfield><subfield code="w">(DLC)sn 200163151</subfield></datafield><datafield ind1="0" ind2="0" tag="785"><subfield code="t">The times-record (Doland, S.D. : 1992)</subfield><subfield code="w">(DLC)sn 200163153</subfield></datafield></record>